<collection xmlns="http://www.loc.gov/MARC21/slim">
<record>
  <leader>01140nam0a22002291i 450 </leader>
  <controlfield tag="001">IT\ICCU\CNCE\074286</controlfield>
  <controlfield tag="005">20171204000000.0</controlfield>
  <datafield tag="012" ind1=" " ind2=" ">
    <subfield code="a">s,s, o-e- i-i- cosc (C) 1597 (A)</subfield>
    <subfield code="2">fei</subfield>
  </datafield>
  <datafield tag="100" ind1=" " ind2=" ">
    <subfield code="a">20090703d1597        0itac0103    ba</subfield>
  </datafield>
  <datafield tag="101" ind1=" " ind2=" ">
    <subfield code="a">LAT</subfield>
  </datafield>
  <datafield tag="102" ind1=" " ind2=" ">
    <subfield code="a">IT</subfield>
  </datafield>
  <datafield tag="200" ind1="1" ind2=" ">
    <subfield code="a">Index librorum prohibitorum cum regulis confectis per patres a Tridentina Synodo selectos. Auctoritate Pii III primum editus. Postea vero a Syxto V auctus et nunc demum s.d.n. Clementis papae VIII iussu recognitus, &amp; publicatus. Instructione adiecta. De exequendae prohibitionis ...</subfield>
  </datafield>
  <datafield tag="210" ind1=" " ind2=" ">
    <subfield code="a">Neapoli</subfield>
    <subfield code="c">apud Tarquinium a Longum</subfield>
    <subfield code="d">1597</subfield>
  </datafield>
  <datafield tag="215" ind1=" " ind2=" ">
    <subfield code="a">\72! c.</subfield>
    <subfield code="d">12ʻ</subfield>
  </datafield>
  <datafield tag="500" ind1="1" ind2="1">
    <subfield code="3">IT\ICCU\CNCE\051896</subfield>
    <subfield code="a">Index librorum prohibitorum</subfield>
  </datafield>
  <datafield tag="620" ind1=" " ind2=" ">
    <subfield code="a">IT</subfield>
    <subfield code="d">Napoli</subfield>
  </datafield>
  <datafield tag="712" ind1="0" ind2="2">
    <subfield code="a">Santa Sede</subfield>
    <subfield code="b"> : Congregazione dell&apos;Indice</subfield>
    <subfield code="3">IT\ICCU\CNCA\016380</subfield>
  </datafield>
  <datafield tag="712" ind1="0" ind2="0">
    <subfield code="a">Longo, Tarquinio</subfield>
    <subfield code="3">IT\ICCU\CNCT\001297</subfield>
    <subfield code="4">650</subfield>
  </datafield>
  <datafield tag="791" ind1="0" ind2="2">
    <subfield code="a">Congregazione dell&apos;Indice de&apos; libri proibiti</subfield>
    <subfield code="3">24204</subfield>
    <subfield code="z">Santa Sede : Congregazione dell&apos;Indice</subfield>
  </datafield>
  <datafield tag="791" ind1="0" ind2="0">
    <subfield code="a">Longus, Tarquinius</subfield>
    <subfield code="3">IT\ICCU\CNCT\004974</subfield>
    <subfield code="z">Longo, Tarquinio</subfield>
  </datafield>
  <datafield tag="801" ind1=" " ind2="3">
    <subfield code="a">IT</subfield>
    <subfield code="b">ICCU</subfield>
    <subfield code="c">20201115</subfield>
  </datafield>
  <datafield tag="899" ind1=" " ind2=" ">
    <subfield code="a">Biblioteca comunale Tommaso Fazello. Sciacca</subfield>
    <subfield code="1">AG0042</subfield>
    <subfield code="2">AGR 23</subfield>
  </datafield>
</record>
</collection>
